@misc{vsclspextman,
  author = {{Microsoft}},
  title = {{Microsoft} Language Server Extension Guide},
  howpublished = {\url{https://code.visualstudio.com/api/language-extensions/language-server-extension-guide/}},
}

@misc{lsp,
  author = {{Microsoft}},
  title = {{Microsoft} Debug Adapter Protocol},
  howpublished = {\url{https://microsoft.github.io/language-server-protocol/overviews/lsp/overview/}},
}

@misc{dap,
  author = {{Microsoft}},
  title = {{Microsoft} Debug Adapter Protocol},
  howpublished = {\url{https://microsoft.github.io/debug-adapter-protocol/overview/}},
}

@misc{vsce,
  author = {{Microsoft}},
  title = {{Microsoft} Publishing Extensions},
  howpublished = {\url{https://code.visualstudio.com/api/working-with-extensions/publishing-extension/}},
}

@misc{vsceex,
  author = {{Microsoft}},
  title = {{Microsoft} vscode-extension-samples},
  howpublished = {\url{https://github.com/Microsoft/vscode-extension-samples/}},
}

@misc{vsclspex,
  author = {{Microsoft}},
  title = {{Microsoft} lsp-sample},
  howpublished = {\url{https://github.com/microsoft/vscode-extension-samples/tree/master/lsp-sample/}},
}

@misc{vscdaex,
  author = {{Microsoft}},
  title = {{Microsoft} mock-debug},
  howpublished = {\url{https://github.com/Microsoft/vscode-mock-debug.git/}},
}

@misc{iro,
  author = {{IRO}},
  title = {{IRO} Tool},
  howpublished = {\url{https://eeyo.io/iro/}},
}

@misc{iroexp,
  author = {{IRO}},
  title = {{IRO} Supported Exporters},
  howpublished = {\url{https://eeyo.io/iro/documentation/}},
}

@book{ dslbook,
  author = "Martin Fowler",
  title = "Domain-specific languages",
  publisher = "Pearson Education",
  year = "2010"
}

@inproceedings{ langworkbenches,
  author = "Sebastian Erdweg et al",
  title = "Valuating and comparing language workbenches:Existing results and benchmarks for the future",
  booktitle = "Computer Languages, Systems and Structures",
  pages = "44:24â€“47",
  year = "2015"
}